<record><leader>00000cas a2200000 a 4500</leader><controlfield tag="001">20840076</controlfield><controlfield tag="008">900103c19589999aruwr ne      0    0eng d</controlfield><datafield ind1=" " ind2=" " tag="010"><subfield code="a">sn 92050051 </subfield></datafield><datafield ind1=" " ind2=" " tag="040"><subfield code="a">AST</subfield><subfield code="b">eng</subfield><subfield code="c">AST</subfield><subfield code="d">ANU</subfield><subfield code="d">OCL</subfield><subfield code="d">OCLCQ</subfield></datafield><datafield ind1=" " ind2=" " tag="037"><subfield code="b">P.O. Box 428, North Little Rock, AR 72115</subfield></datafield><datafield ind1=" " ind2=" " tag="042"><subfield code="a">msc</subfield></datafield><datafield ind1="0" ind2=" " tag="130"><subfield code="a">Times (North Little Rock, Ark.)</subfield></datafield><datafield ind1="1" ind2="4" tag="245"><subfield code="a">The Times.</subfield></datafield><datafield ind1="1" ind2="3" tag="246"><subfield code="a">North Little Rock times</subfield><subfield code="f">Aug. 7, 1958-July 30, 1959</subfield></datafield><datafield ind1=" " ind2=" " tag="260"><subfield code="a">North Little Rock, Ark. :</subfield><subfield code="b">Pulaski Pub. Co.</subfield></datafield><datafield ind1=" " ind2=" " tag="300"><subfield code="a">v. :</subfield><subfield code="b">ill.</subfield></datafield><datafield ind1=" " ind2=" " tag="310"><subfield code="a">Weekly</subfield></datafield><datafield ind1="0" ind2=" " tag="362"><subfield code="a">59th year, no. 57 (Aug. 7, 1958)-</subfield></datafield><datafield ind1=" " ind2=" " tag="500"><subfield code="a">"USPS 617-620."</subfield></datafield><datafield ind1=" " ind2=" " tag="515"><subfield code="a">Numbering is irregular.</subfield></datafield><datafield ind1=" " ind2="4" tag="651"><subfield code="a">North Little Rock (Ark.)</subfield><subfield code="v">Newspapers.</subfield></datafield><datafield ind1=" " ind2=" " tag="752"><subfield code="a">United States</subfield><subfield code="b">Arkansas</subfield><subfield code="c">Pulaski</subfield><subfield code="d">North Little Rock.</subfield></datafield><datafield ind1="0" ind2="0" tag="780"><subfield code="t">North Little Rock times</subfield><subfield code="w">(DLC)sn 92050032</subfield></datafield><datafield ind1="1" ind2=" " tag="029"><subfield code="a">AU@</subfield><subfield code="b">000020698795</subfield></datafield></record>